@MASTERSTHESIS{seiler1,
  author = {Sven Seiler},
  title = {APPROACHES TO USE SEMANTIC WEB TECHNOLOGIES IN SMART HOUSES},
  school = {Tallinn University of Technology},
  year = {2009},
  month = {June},
  abstract = {},
  keywords = {Semantic, internet, technology, smart houses},
  owner = {seiler},
  timestamp = {2010.06.28}
}

@inproceedings{seiler2,
	author = {Sven Seiler and Raivo Sell},
	title= {VIRTUAL ACADEMY PLATFORM SUPPORTED BY A SEMANTIC KNOWLEDGE BASE},
	organization = {Tallinn University of Technology},
	month = {April},
	year = {2010},
	booktitle = {The 7th DAAAM Baltic Conference},
	note = {ISBN : 978-9985-59-982-2}
}



@INPROCEEDINGS{Seiler2008,
  author = {Sven Seiler and Casten Koehn and Raivo Sell and Tauno Otto},
  title = {Innovative Study Kit for advanced mechatronic experiments},
  booktitle = {9th International Workshop on Research and Education in Mechatronics},
  year = {2008},
  volume = {9},
  series = {International Workshop on Research and Education in Mechatronics},
  month = {September},
  organization = {Network on Research and Education in Mechatronics},
  publisher = {University of Bergmo},
  __markedentry = {[seiler:2]},
  isbn = {88-88412-33-6},
  owner = {seiler},
  timestamp = {2011.08.28}
}

@INBOOK{Seiler2008a,
  chapter = {Industrial Robotic Examples},
  title = {Integrated Systems and design},
  publisher = {Tallinn University of Technology},
  year = {2008},
  author = {Sven Seiler and Werner Roddeck and Jan Nierhoff},
  month = {May},
  __markedentry = {[seiler:2]},
  isbn = {978-9955-20-332-2},
  owner = {seiler},
  timestamp = {2011.08.28}
}

@INPROCEEDINGS{Seiler2009a,
  author = {Sven Seiler and Raivo Sell},
  title = {Approaches to use semantic web technologies in real applications},
  booktitle = {Annals of DAAAM for 2009 \& Proceedings of the 20th International
	DAAAM Symposium},
  year = {2009},
  editor = {Branko Katalinic},
  volume = {20},
  series = {Annals of DAAAM},
  pages = {1741-1743},
  __markedentry = {[seiler:2]},
  isbn = {978-3-901509-70-4},
  issn = {1726-9679},
  owner = {seiler},
  timestamp = {2011.08.28}
}

@INPROCEEDINGS{Seiler2011a,
  author = {Sven Seiler and Raivo Sell},
  title = {Comprehensive Blended Learning Concept for Teaching Micro Controller
	Technology},
  booktitle = {eLearning Baltics 2011},
  year = {2011},
  editor = {Sybille Hambach, Aike Martens and Bodo Urban},
  volume = {4},
  series = {Proceedings of the 4th International eLBa Science Conference},
  pages = {15-24},
  month = {May},
  publisher = {Fraunhofer Verlag},
  __markedentry = {[seiler:2]},
  isbn = {978-3-8396-0258-4},
  owner = {seiler},
  timestamp = {2011.08.28}
}

@INPROCEEDINGS{Seiler2011,
  author = {Sven Seiler and Raivo Sell},
  title = {Semantics on mobile robot algorithms development},
  booktitle = {Prodeedings of the 7th International Conference Mechatronic Systems
	and Materials (MSM 2011)},
  year = {2011},
  volume = {7},
  month = {July},
  organization = {Kaunas University of Technology},
  publisher = {Kaunas University of Technology},
  __markedentry = {[seiler:2]},
  issn = {1822-8283},
  owner = {seiler},
  timestamp = {2011.08.28}
}

@INPROCEEDINGS{Seiler2010,
  author = {Sven Seiler and Raivo Sell},
  title = {Virtual Academy platform supported by a semantic knowledge base},
  booktitle = {The 7th DAAAM Baltic Conference},
  year = {2010},
  volume = {7},
  month = {April},
  publisher = {Tallinn University of Technology},
  __markedentry = {[seiler:2]},
  isbn = {978-9985-59-982-2},
  owner = {seiler},
  timestamp = {2011.08.28}
}

@INPROCEEDINGS{Sell2009,
  author = {Raivo Sell and Sven Seiler},
  title = {Mechatronics modeling methodology and semantic orientated knowledge base},
  booktitle = {Annals of DAAAM for 2009 \& Proceedings of the 20th International
	DAAAM Symposium},
  year = {2009},
  editor = {Branko Katalinic},
  volume = {20},
  series = {Annals of DAAAM},
  pages = {1723-1725},
  __markedentry = {[seiler:2]},
  isbn = {978-3-901509-70-4},
  issn = {1726-9679},
  owner = {seiler},
  timestamp = {2011.08.28}
}

@INPROCEEDINGS{Sell2011,
  author = {Raivo Sell and Sven Seiler},
  title = {Integrated Concept for embedded system study},
  booktitle = {Prodeedings of the 7th International Conference Mechatronic Systems
	and Materials (MSM 2011)},
  year = {2011},
  volume = {7},
  month = {July},
  organization = {Kaunas Universtiy of Technology},
  publisher = {Kaunas Universtiy of Technology},
  __markedentry = {[seiler:2]},
  issn = {1822-8283},
  owner = {seiler},
  timestamp = {2011.08.28}
}

@INPROCEEDINGS{Sell2010,
  author = {Raivo Sell and Sven Seiler},
  title = {Combined Robotic Platform for Research and Education},
  booktitle = {Proceedings of SIMPAR 2010 Workshops Intl. Conf. on simulation, modeling and programming of autonomous robots},
  year = {2010},
  pages = {522-531},
  publisher = {TU Darmstadt},
  __markedentry = {[seiler:2]},
  isbn = {978-3-00-032863-3},
  owner = {seiler},
  timestamp = {2011.08.28}
}

@INPROCEEDINGS{Sell2009a,
  author = {Raivo Sell and Sven Seiler},
  title = {New concept and ICT based tools for raising the qualification level in Mechatronics and related fields},
  booktitle = {10th International Workshop on Research and Education in Mechatronics},
  year = {2009},
  volume = {10},
  series = {Workshop on Research and Education in Mechatronics},
  month = {September},
  organization = {Network on Research and Education in Mechatronics},
  publisher = {University of Strathclyde},
  __markedentry = {[seiler:2]},
  owner = {seiler},
  timestamp = {2011.08.28}
}


@INPROCEEDINGS{Seiler20112,
  author = {Sven Seiler and Dennis Ptasik and Raivo Sell},
  title = {Remote and virtual labs in a distance learning environment},
  booktitle = {Proceedings of the 22th International DAAAM Symposium},
  year = {2011},
  editor = {Branko Katalinic},
  volume = {22},
  series = {Annals of DAAAM},
  month = {November},
  organization = {DAAAM International, Vienna, Austria},
  isbn = {978-3-901509-83-4},
  issn = {1726-9679},
  owner = {seiler},
  timestamp = {2011.08.28}
}