@article{Rabiner89-ATO,
  author =    {Lawrence R. Rabiner},
  title =     {A Tutorial on Hidden {Markov} Models and Selected Applications in Speech Recognition},
  journal =   {Proceedings of the IEEE},
  volume =    {77}, 
  number =    {2},
  pages =     {257--286}, 
  year =      {1989}
}
